<?xml version="1.0" encoding="UTF-8"?><collection xmlns="http://www.loc.gov/MARC21/slim"><record><leader>00392nam--2200145-i-4500</leader><controlfield tag="001">000042433</controlfield><controlfield tag="002">20161230</controlfield><controlfield tag="005">20170121205410</controlfield><controlfield tag="008">060222s1000------------r-----000-0-eng-d</controlfield><datafield ind1=" " ind2=" " tag="080"><subfield code="a">727.5</subfield></datafield><datafield ind1=" " ind2=" " tag="245"><subfield code="a">Specification of an automatic continous gamma irradiation plant</subfield></datafield><datafield ind1=" " ind2=" " tag="260"><subfield code="a">London</subfield><subfield code="b">Nuclear Chemical Plant Ltd</subfield></datafield><datafield ind1=" " ind2=" " tag="300"><subfield code="a">10 p. + 4 Fig</subfield></datafield><datafield ind1=" " ind2=" " tag="852"><subfield code="a">20217</subfield></datafield><datafield ind1=" " ind2=" " tag="CAT"><subfield code="a">SYS</subfield><subfield code="c">20170121</subfield><subfield code="h">205410</subfield></datafield></record></collection>